<?xml version="1.0" encoding="UTF-8"?><collection xmlns="http://www.loc.gov/MARC21/slim"><record><leader>00456nam--2200133-i-4500</leader><controlfield tag="001">000010515</controlfield><controlfield tag="002">20161230</controlfield><controlfield tag="005">20161230201028</controlfield><controlfield tag="008">060222s1000------------r-----000-0-eng-d</controlfield><datafield ind1=" " ind2=" " tag="080"><subfield code="a">546.96. 541.123.21. 015</subfield></datafield><datafield ind1=" " ind2=" " tag="100"><subfield code="a">Bremard Claude</subfield></datafield><datafield ind1=" " ind2=" " tag="245"><subfield code="a">Contribution a la connaissance des solutions de valence iii et iv du ruthenium ionisations et complexations.these</subfield></datafield><datafield ind1=" " ind2=" " tag="260"><subfield code="a">Lille, Universite Des Sciences Et Techniques De Lille, 1971, 102 P</subfield></datafield><datafield ind1=" " ind2=" " tag="852"><subfield code="a">38.041</subfield></datafield></record></collection>